<?xml version="1.0" encoding="UTF-8"?><collection xmlns="http://www.loc.gov/MARC21/slim"><record><leader>00381nam--2200145-i-4500</leader><controlfield tag="001">000042138</controlfield><controlfield tag="002">20161230</controlfield><controlfield tag="005">20161230201043</controlfield><controlfield tag="008">060222s1000------------r-----000-0-eng-d</controlfield><datafield ind1=" " ind2=" " tag="080"><subfield code="a">620.92:523.72:621.472</subfield></datafield><datafield ind1=" " ind2=" " tag="245"><subfield code="a">Solar energy materials</subfield></datafield><datafield ind1=" " ind2=" " tag="260"><subfield code="a">Berllin, Springer-verlag, 1982. 182 P</subfield></datafield><datafield ind1=" " ind2=" " tag="490"><subfield code="a">Structure And Bonding</subfield></datafield><datafield ind1=" " ind2=" " tag="700"><subfield code="a">M.Gratzel, C.K.Jorgensen</subfield></datafield><datafield ind1=" " ind2=" " tag="852"><subfield code="a">25684</subfield></datafield></record></collection>